@inproceedings{strand1996,
	Author = {Strand, Elizabeth A and Johnson, Keith},
	Booktitle = {KONVENS},
	Pages = {14--26},
	Title = {Gradient and visual speaker normalization in the perception of fricatives.},
	Year = {1996}}
	
@article{johnson2006,
	Author = {Johnson, Keith},
	Date-Added = {2019-09-01 22:48:43 -0400},
	Date-Modified = {2019-09-01 22:48:52 -0400},
	Journal = {Journal of phonetics},
	Number = {4},
	Pages = {485--499},
	Title = {Resonance in an exemplar-based lexicon: The emergence of social identity and phonology},
	Volume = {34},
	Year = {2006}}
	
@incollection{eckert2013,
	Author = {Eckert, Penelope},
	Booktitle = {Research Methods in Linguistics},
	Date-Added = {2019-09-01 21:55:24 -0400},
	Date-Modified = {2019-09-01 21:56:01 -0400},
	Editor = {Podesva, Robert J and Sharma, Devyani},
	Pages = {11--26},
	Publisher = {Cambridge University Press},
	Title = {Ethics in linguistic research},
	Year = {2013}}